<?xml version="1.0" encoding="UTF-8"?><record xmlns="http://www.loc.gov/MARC21/slim" xmlns:cinclude="http://apache.org/cocoon/include/1.0" xmlns:zs="http://www.loc.gov/zing/srw/">
  <leader>01539cz  a2200277n  4500</leader>
  <controlfield tag="001">n  99261046 </controlfield>
  <controlfield tag="003">DLC</controlfield>
  <controlfield tag="005">19991203135030.0</controlfield>
  <controlfield tag="008">991202n| acaaaaaan          |a ana      </controlfield>
  <datafield tag="010" ind1=" " ind2=" ">
    <subfield code="a">n  99261046 </subfield>
  </datafield>
  <datafield tag="040" ind1=" " ind2=" ">
    <subfield code="a">DLC</subfield>
    <subfield code="b">eng</subfield>
    <subfield code="c">DLC</subfield>
    <subfield code="d">DLC</subfield>
  </datafield>
  <datafield tag="050" ind1=" " ind2="0">
    <subfield code="a">DS252</subfield>
    <subfield code="b">.P3</subfield>
  </datafield>
  <datafield tag="130" ind1=" " ind2="0">
    <subfield code="a">Travaux de l'Institut d'études iraniennes de l'Université de Paris</subfield>
  </datafield>
  <datafield tag="410" ind1="2" ind2=" ">
    <subfield code="a">Université de Paris.</subfield>
    <subfield code="b">Institut d'études iraniennes.</subfield>
    <subfield code="t">Travaux de l'Institut d'études iraniennes de l'Université de Paris</subfield>
  </datafield>
  <datafield tag="410" ind1="2" ind2=" ">
    <subfield code="w">nnaa</subfield>
    <subfield code="a">Paris.</subfield>
    <subfield code="b">Université.</subfield>
    <subfield code="b">Institut d'études iraniennes.</subfield>
    <subfield code="t">Travaux de l'Institut d'études iraniennes de l'Université de Paris</subfield>
  </datafield>
  <datafield tag="410" ind1="2" ind2=" ">
    <subfield code="w">nnaa</subfield>
    <subfield code="a">Paris (France).</subfield>
    <subfield code="b">Université.</subfield>
    <subfield code="b">Institut d'études iraniennes.</subfield>
    <subfield code="t">Travaux de l'Institut d'études iraniennes de l'Université de Paris</subfield>
  </datafield>
  <datafield tag="530" ind1=" " ind2="0">
    <subfield code="w">b</subfield>
    <subfield code="a">Travaux de l'Institut d'études iraniennes de l'Université de la Sorbonne nouvelle</subfield>
  </datafield>
  <datafield tag="642" ind1=" " ind2=" ">
    <subfield code="a">3</subfield>
    <subfield code="5">DPCC</subfield>
    <subfield code="5">DLC</subfield>
  </datafield>
  <datafield tag="643" ind1=" " ind2=" ">
    <subfield code="a">Paris</subfield>
    <subfield code="b">Klincksieck</subfield>
    <subfield code="d">1-4</subfield>
  </datafield>
  <datafield tag="643" ind1=" " ind2=" ">
    <subfield code="a">Paris</subfield>
    <subfield code="b">Peeters</subfield>
    <subfield code="d">photo-offset reprint</subfield>
  </datafield>
  <datafield tag="644" ind1=" " ind2=" ">
    <subfield code="a">f</subfield>
    <subfield code="5">DLC</subfield>
  </datafield>
  <datafield tag="645" ind1=" " ind2=" ">
    <subfield code="a">t</subfield>
    <subfield code="5">DPCC</subfield>
    <subfield code="5">DLC</subfield>
  </datafield>
  <datafield tag="646" ind1=" " ind2=" ">
    <subfield code="a">c</subfield>
    <subfield code="5">DLC</subfield>
  </datafield>
  <datafield tag="646" ind1=" " ind2=" ">
    <subfield code="a">s</subfield>
    <subfield code="5">DLC</subfield>
    <subfield code="5">photo-offset reprint</subfield>
  </datafield>
  <datafield tag="670" ind1=" " ind2=" ">
    <subfield code="a">Molé, Marijan. La legende de Zoroastre selon les textes pehlevis, 1993:</subfield>
    <subfield code="b">t.p. (Travaux de l'Institut d'études iraniennes de l'Université de Paris)</subfield>
  </datafield>
  <datafield tag="670" ind1=" " ind2=" ">
    <subfield code="a">LC data base, 12-02-99</subfield>
    <subfield code="b">(hdgs.: Paris. Université. Institut d'études iraniennes. Travaux; Paris (France) Institut d'études iraniennes. Travaux; usage: Travaux de l'Institut d'études iraniennes de l'Université de Paris)</subfield>
  </datafield>
</record>